% This file was created with Citavi 6.7.0.0

@online{.,
 author = {{Leybold Didactic GmbH}},
 title = {Instruction Sheet 559 01},
 url = {https://www.ld-didactic.de/documents/en-US/GA/GA/5/559/55901e.pdf},
 keywords = {GMT},
 urldate = {2020-11-22},
 abstract = {},
 pagetotal = {2},
 file = {55901e:Z\:\\HSRM\\LaTex_Quellen\\HSRM_Quellen\\Citavi Attachments\\55901e.pdf:pdf},
 subtitle = {End-window counter forα, β,γRadiation andX-rays (559 01)}
}


@online{2N2369.Datasheet.ComsetSemiconductors,
 author = {{Comset Semiconductors}},
 title = {2N2369-2N2369A Datasheet EN},
 urldate = {2020-12-08},
 abstract = {},
 pagetotal = {4},
 file = {2n2369:Z\:\\HSRM\\LaTex_Quellen\\HSRM_Quellen\\Citavi Attachments\\2n2369.pdf:pdf}
}


@misc{Alebrand.,
 author = {Alebrand, Sabine},
 title = {Skript zur Vorlesung {\textquotedbl}Optik{\textquotedbl}, Sommersemester 2020},
 keywords = {Optik},
 abstract = {},
 organization = {{Hochschule RheinMain}}
}


@misc{AlexanderDorr.GMT,
 author = {Dörr, Alexander},
 title = {Geiger-Müller Tube and Counting Statistics},
 abstract = {},
 date = {2019-10-08},
 location = {Rüsselsheim},
 subtitle = {Physics Lab 3},
 urldate = {2020-12-05},
 organization = {{Hochschule RheinMain}},
 file = {Geiger-Mueller:Z\:\\HSRM\\LaTex_Quellen\\HSRM_Quellen\\Citavi Attachments\\Geiger-Mueller.pdf:pdf}
}


@article{Andreas-Hauser-Tucker.surface.tension.pendant.drop.1938,
 author = {ANDREAS, J. M. and HAUSER, E. A. and TUCKER, W. B.},
 year = {1938},
 title = {Boundary Tension By Pendant Drops 1},
 keywords = {Oberflächenspannung;PhysPrakt3-4},
 pages = {1001--1019},
 pagination = {page},
 volume = {42},
 issn = {0092-7325},
 journaltitle = {The Journal of Physical Chemistry},
 shortjournal = {J. Phys. Chem.},
 doi = {10.1021/j100903a002},
 number = {8},
 abstract = {}
}


@online{ATIS.AmericanTelecomStandards2001,
 author = {ATIS},
 title = {ATIS Telecom Glossary},
 url = {https://glossary.atis.org/},
 urldate = {2020-12-16},
 abstract = {Glossary of the American Telecommunication Standards as of 2001},
 organization = {ATIS},
 file = {https://glossary.atis.org/glossary/},
 subtitle = {American National Standard T1.523-2001}
}


@online{Belden.RG-58/U.CoaxCable.Datasheet,
 author = {Belden},
 title = {82240 Coax - RG-58/U Type technical Datasheet},
 url = {https://catalog.belden.com/techdatam/82240.pdf},
 urldate = {2020-10-12},
 abstract = {},
 pagetotal = {3},
 file = {RG-58_U_coax_cable:Z\:\\HSRM\\LaTex_Quellen\\HSRM_Quellen\\Citavi Attachments\\RG-58_U_coax_cable.pdf:pdf}
}


@online{biolin.surface.tension.Lauren.2021,
 author = {Laurén, Susanna},
 title = {3 ways to measure surface tension},
 url = {https://www.biolinscientific.com/blog/3-ways-to-measure-surface-tension},
 urldate = {2021-03-20},
 abstract = {Explains three different methods to measure surface tension.}
}


@book{Bonnet.2009,
 author = {Bonnet, Martin},
 title = {Kunststoffe in der Ingenieuranwendung},
 keywords = {Chemie;Werkstoffe},
 edition = {1. Aufl.},
 publisher = {{Vieweg+Teubner Verlag / GWV Fachverlage GmbH Wiesbaden}},
 isbn = {9783834893031},
 subtitle = {Verstehen und zuverlässig auswählen},
 language = {ger},
 location = {Wiesbaden},
 abstract = {},
 doi = {10.1007/978-3-8348-9303-1},
 file = {http://external.dandelon.com/download/attachments/dandelon/ids/DE_FHGE_Gelsenkirchen5A2CCDCFD856E892C125755A005ECA26.pdf},
 file = {https://external.dandelon.com/download/attachments/dandelon/ids/DE_FHGE_Gelsenkirchen5A2CCDCFD856E892C125755A005ECA26.pdf},
 year = {2009}
}


@online{cooper.pairs.uni-wuppertal.20061012,
 title = {Cooper Pairs and the BCS Theory of Superconductivity},
 url = {http://hydrogen.physik.uni-wuppertal.de/hyperphysics/hyperphysics/hbase/solids/coop.html},
 urldate = {2021-01-15},
 abstract = {}
}


@book{Demtroder.2016.Experimentalphysik.3,
 author = {Demtröder, Wolfgang},
 title = {Experimentalphysik 3},
 keywords = {Physik},
 publisher = {{Springer Berlin Heidelberg}},
 isbn = {978-3-662-49093-8},
 location = {Berlin, Heidelberg},
 abstract = {},
 doi = {10.1007/978-3-662-49094-5},
 year = {2016}
}


@book{Demtroder.2017.Experimentalphysik.2,
 author = {Demtröder, Wolfgang},
 title = {Experimentalphysik 2},
 keywords = {Physik;PhysPraktikum},
 publisher = {{Springer Berlin Heidelberg}},
 isbn = {978-3-662-55789-1},
 location = {Berlin, Heidelberg},
 abstract = {},
 doi = {10.1007/978-3-662-55790-7},
 year = {2017}
}


@book{Demtroder.2018.Experimentalphysik.1,
 author = {Demtröder, Wolfgang},
 title = {Experimentalphysik 1},
 keywords = {Physik;PhysPraktikum},
 publisher = {{Springer Berlin Heidelberg}},
 isbn = {978-3-662-54846-2},
 location = {Berlin, Heidelberg},
 abstract = {},
 doi = {10.1007/978-3-662-54847-9},
 year = {2018}
}


@misc{Dorr.,
 author = {Dörr, Alexander},
 title = {Skript zur Vorlesung {\textquotedbl}Messdatenerfassung{\textquotedbl}, Sommersemester 2020},
 keywords = {Elektronik;Physik},
 abstract = {},
 organization = {{Hochschule RheinMain}}
}


@misc{Dr.EszterGeberth.WT2,
 author = {Geberth, Eszter},
 title = {Vorlesung zu Werkstofftechnik 2},
 keywords = {Werkstoffe},
 abstract = {},
 date = {Wintersemester 20/21},
 location = {Rüsselsheim},
 organization = {{Hochschule RheinMain}},
 file = {WT2_AP_WS2020_Teil_1:Z\:\\HSRM\\LaTex_Quellen\\HSRM_Quellen\\Citavi Attachments\\WT2_AP_WS2020_Teil_1.pdf:pdf;Werkstofftechnik_2_AP_Skript:Z\:\\HSRM\\LaTex_Quellen\\HSRM_Quellen\\Citavi Attachments\\Werkstofftechnik_2_AP_Skript.pdf:pdf}
}


@article{DuNouy.1919.early.ring.method,
 author = {{Du Noüy}, P. L.},
 year = {1919},
 title = {A NEW APPARATUS FOR MEASURING SURFACE TENSION},
 pages = {521--524},
 pagination = {page},
 volume = {1},
 issn = {0022-1295},
 journaltitle = {The Journal of general physiology},
 language = {eng},
 doi = {10.1085/jgp.1.5.521},
 number = {5},
 abstract = {},
 file = {https://www.ncbi.nlm.nih.gov/pmc/articles/PMC2140330},
 note = {Journal Article},
 eprint = {19871767}
}


@article{DuNouy.1925.ring.method,
 author = {{Du Noüy}, P. L.},
 year = {1925},
 title = {AN INTERFACIAL TENSIOMETER FOR UNIVERSAL USE},
 pages = {625--631},
 pagination = {page},
 volume = {7},
 issn = {0022-1295},
 journaltitle = {The Journal of general physiology},
 language = {eng},
 doi = {10.1085/jgp.7.5.625},
 number = {5},
 abstract = {},
 file = {https://www.ncbi.nlm.nih.gov/pmc/articles/PMC2140742},
 note = {Journal Article},
 eprint = {19872165}
}


@book{Durst.2006.Grundlagen.der.Stroemungsmechanik,
 author = {Durst, Franz},
 title = {Grundlagen der Strömungsmechanik},
 publisher = {Springer-Verlag},
 isbn = {978-3-540-31324-3},
 subtitle = {Eine Einführung in die Theorie der Strömung von Fluiden},
 language = {ger},
 location = {Berlin, Heidelberg},
 abstract = {},
 doi = {10.1007/978-3-540-31324-3},
 file = {http://deposit.dnb.de/cgi-bin/dokserv?id=2768873&prov=M&dok_var=1&dok_ext=htm},
 file = {http://zbmath.org/?q=an:1097.76001},
 file = {http://d-nb.info/978253949/04},
 year = {2006}
}


@book{Eichler.2016,
 author = {Eichler, Hans-Joachim and Kronfeldt, Heinz-Detlef and Sahm, Jürgen},
 title = {Das neue Physikalische Grundpraktikum},
 keywords = {Optik;Physik;PhysPraktikum},
 edition = {3., ergänzte und aktualisierte Auflage 2016},
 publisher = {{Springer Spektrum}},
 isbn = {978-3-662-49022-8},
 language = {en},
 location = {Berlin and Heidelberg},
 series = {Springer-Lehrbuch},
 abstract = {Grundbegriffe der Messtechnik -- Bewegungen und Kräfte -- Deformierbare Körper und Akustik -- Vielteilchensysteme und Thermodynamik -- Gleich- und Wechselstromkreise -- Elektrische und magnetische Felder -- Halbleiterelektronik -- Linsen und optische Instrumente -- Licht- und Mikrowellen -- Photonen, Elektronen und Atome -- Radioaktivität und Strahlenschutz -- Digitalelektronik und Computer



Das vorliegende Werk bietet in seiner vollständig überarbeiteten dritten Auflage auch weiterhin eine hervorragende Begleitung für Physik-Praktika im Bachelorstudium. In 12 Kapiteln mit insgesamt 52 Themenkreisen werden mehr als 200 Einzelaufgaben jeweils mit Zielsetzung, Literaturangaben, physikalischen Grundlagen, Gerätezubehör sowie Hinweisen zu Messung und Auswertung ausführlich beschrieben. Anschauliche Piktogramme führen durch das durchgehend zweifarbig gestaltete Buch, um die einzelnen Elemente voneinander abzuheben. Formeln, die zum Grundwissen gehören, und andere wichtige Formeln werden besonders hervorgehoben. Rundum ein innovatives Buch für alle Studierenden mit Haupt- oder Nebenfach Physik. Die Neuauflage des neuen Physikalischen Grundpraktikums enthält neue Experimente zu Mikrowellen, Polarisation, Flüssigkristallen, Röntgenstrahlung, Gamma-Spektroskopie u. a. Zudem wurden die Messverfahren weitgehend auf moderne digitale Messtechnik umgestellt. Die Autoren Hans Joachim Eichler Promotion 1967 und Habilitation 1969 an der TU Berlin; 1971-1978 Gründungssprecher des Fachbereiches Physik an der TU Berlin; seit 1972 ord. Professor für Experimentalphysik; 1980-1983 Forschungsaufenthalte an den AT {\&} T-Bell Laboratorien (Holmdel, USA); seit 1982 Vorsitzender der Arbeitsgemeinschaft Quanten-Optik der DPG und DGaO; 2003-2007 geschäftsführender Direktor des Optischen Instituts; 2003-2013 Geschäftsführer der Laser-Medizin-Technologie-Berlin GmbH. Heinz-Detlef Kronfeldt Geboren 1949 in Berlin; Promotion 1979 an der TU Berlin; Forschungsaufenthalt 1980 bei AEG-Telefunken; Habilitation 1989 an der TU Berlin und Privat-Dozent; nach 1989 Leiter der Arbeitsgruppe Laserspektroskopie am Optischen Institut der TU Berlin, Themenschwerpunkte Atomphysik und Umweltphysik. Jürgen Sahm Studium und Promotion an der TU Berlin; 1970-1980 Professor für Physik an der PH Berlin; seit 1980 Professor für Experimentalphysik an der TU Berlin; 1987-1993 Dekan des Fachbereichs Physik der TU Berlin; 1999-2002 Vizepräsident der TU Berlin für Lehre und Studium; seit 2004 emeritiert},
 pagetotal = {470},
 doi = {10.1007/978-3-662-49023-5},
 note = {Eichler, Hans-Joachim (VerfasserIn)
Kronfeldt, Heinz-Detlef (VerfasserIn)
Sahm, Jürgen (VerfasserIn)},
 file = {https://external.dandelon.com/download/attachments/dandelon/ids/DE0020D45C848FEBD96AEC125801F00411D82.pdf},
 file = {Eichler2016_Chapter_Gleich-UndWechselstromkreise:Z\:\\HSRM\\LaTex_Quellen\\HSRM_Quellen\\Citavi Attachments\\Eichler2016_Chapter_Gleich-UndWechselstromkreise.pdf:pdf;Eichler2016_Chapter_DigitalelektronikUndComputer:Z\:\\HSRM\\LaTex_Quellen\\HSRM_Quellen\\Citavi Attachments\\Eichler2016_Chapter_DigitalelektronikUndComputer.pdf:pdf;Eichler2016_Chapter_PhotonenElektronenUndAtome:Z\:\\HSRM\\LaTex_Quellen\\HSRM_Quellen\\Citavi Attachments\\Eichler2016_Chapter_PhotonenElektronenUndAtome.pdf:pdf;Eichler2016_Chapter_BewegungenUndKräfte:Z\:\\HSRM\\LaTex_Quellen\\HSRM_Quellen\\Citavi Attachments\\Eichler2016_Chapter_BewegungenUndKräfte.pdf:pdf;Eichler2016_Chapter_Halbleiterelektronik:Z\:\\HSRM\\LaTex_Quellen\\HSRM_Quellen\\Citavi Attachments\\Eichler2016_Chapter_Halbleiterelektronik.pdf:pdf;Eichler2016_Chapter_LinsenUndOptischeInstrumente:Z\:\\HSRM\\LaTex_Quellen\\HSRM_Quellen\\Citavi Attachments\\Eichler2016_Chapter_LinsenUndOptischeInstrumente.pdf:pdf;Eichler2016_Chapter_ElektrischeUndMagnetischeFelde:Z\:\\HSRM\\LaTex_Quellen\\HSRM_Quellen\\Citavi Attachments\\Eichler2016_Chapter_ElektrischeUndMagnetischeFelde.pdf:pdf;Eichler2016_Chapter_GrundbegriffeDerMesstechnik:Z\:\\HSRM\\LaTex_Quellen\\HSRM_Quellen\\Citavi Attachments\\Eichler2016_Chapter_GrundbegriffeDerMesstechnik.pdf:pdf;Eichler2016_Chapter_RadioaktivitätUndStrahlenschut:Z\:\\HSRM\\LaTex_Quellen\\HSRM_Quellen\\Citavi Attachments\\Eichler2016_Chapter_RadioaktivitätUndStrahlenschut.pdf:pdf;2016_Bookmatter_DasNeuePhysikalischeGrundprakt:Z\:\\HSRM\\LaTex_Quellen\\HSRM_Quellen\\Citavi Attachments\\2016_Bookmatter_DasNeuePhysikalischeGrundprakt.pdf:pdf;Eichler2016_Chapter_VielteilchensystemeUndThermody:Z\:\\HSRM\\LaTex_Quellen\\HSRM_Quellen\\Citavi Attachments\\Eichler2016_Chapter_VielteilchensystemeUndThermody.pdf:pdf;Eichler2016_Chapter_DeformierbareKörperUndAkustik:Z\:\\HSRM\\LaTex_Quellen\\HSRM_Quellen\\Citavi Attachments\\Eichler2016_Chapter_DeformierbareKörperUndAkustik.pdf:pdf;Eichler2016_Chapter_Licht-UndMikrowellen:Z\:\\HSRM\\LaTex_Quellen\\HSRM_Quellen\\Citavi Attachments\\Eichler2016_Chapter_Licht-UndMikrowellen.pdf:pdf},
 year = {2016}
}


@book{Einführung.In.Die.Festkörperphysik.Kopitzki.2017,
 author = {Kopitzki, Konrad and Herzog, Peter},
 title = {Einführung in die Festkörperphysik},
 keywords = {Festkörper;Physik},
 publisher = {{Springer Berlin Heidelberg}},
 isbn = {978-3-662-53577-6},
 location = {Berlin, Heidelberg},
 abstract = {},
 doi = {10.1007/978-3-662-53578-3},
 year = {2017}
}


@book{Festkörperphysik.Ibach.1995,
 author = {Ibach, Harald and Lüth, Hans},
 title = {Festkörperphysik},
 keywords = {Festkörper;Physik},
 publisher = {{Springer Berlin Heidelberg}},
 isbn = {978-3-540-58575-6},
 location = {Berlin, Heidelberg},
 abstract = {},
 doi = {10.1007/978-3-662-11740-8},
 year = {1995}
}


@online{GISS.nasa.surface.temperature.analysis.20210120,
 title = {Data.GISS: GISS Surface Temperature Analysis (GISTEMP v4)},
 url = {https://data.giss.nasa.gov/gistemp/},
 urldate = {2021-01-27},
 abstract = {}
}


@article{Grundlagen.der.Ventilatorentechnik.2021,
 author = {{Reinhard Gundmann}, Friedrich Schönholtz},
 title = {Grundlagen der Ventilatorentechnik},
 url = {https://docplayer.org/22399108-Grundlagen-der-ventilatorentechnik.html},
 urldate = {2021-03-09},
 subtitle = {Dieser Fachartikel möchte Grundkenntnisse über die Strömungstechnik sowie Bauarten und Verhalten von Ventilatoren in der Anlage vermitteln},
 abstract = {}
}


@book{Haberle.2007,
 author = {Häberle, Gregor D.},
 title = {Tabellenbuch Elektrotechnik},
 keywords = {Elektronik;Physik},
 edition = {22. neu bearb. und erw. Aufl.},
 publisher = {Europa-Lehrmittel},
 isbn = {978-3-8085-3218-8},
 subtitle = {Tabellen, Formeln, Normenanwendung},
 language = {ger},
 location = {Haan-Gruiten},
 series = {Europa-Fachbuchreihe für elektrotechnische, elektronische und informationstechnische Berufe},
 abstract = {},
 pagetotal = {472},
 file = {http://d-nb.info/98563037X/04},
 file = {http://deposit.d-nb.de/cgi-bin/dokserv?id=3002621&prov=M&dok_var=1&dok_ext=htm},
 year = {2007}
}


@collection{Halliday.2005,
 year = {2005},
 title = {Physik},
 keywords = {Physik},
 edition = {1. korr. Nachdr},
 publisher = {Wiley-VCH},
 isbn = {3-527-40366-3},
 editor = {Halliday, David and Resnick, Robert and Walker, Jearl and Koch, Stephan W.},
 abstract = {},
 pagetotal = {1388},
 language = {ger},
 location = {Weinheim},
 file = {https://external.dandelon.com/download/attachments/dandelon/ids/DE001E6C55C96A03902EDC1257157004A86BC.pdf}
}


@online{Hans.Witt.Lueftungstechnik.2021,
 author = {{Hans Witt}},
 title = {Lüftungstechnik},
 url = {https://www.wittfan.de/sites/default/files/downloads/14_Lueftungstechnik.pdf},
 abstract = {}
}


@misc{HX711.24bit.ADC.2021,
 author = {{AVIA Semiconductor}},
 title = {24-Bit Analog-to-Digital Converter (ADC) for Weigh Scales},
 url = {https://eu.mouser.com/datasheet/2/813/hx711_english-1022875.pdf},
 urldate = {2021-01-09},
 editor = {{AVIA Semiconductor}},
 abstract = {},
 titleaddon = {Datasheet},
 subtitle = {HX711}
}


@online{instrumentation.amp.Kuphaldt.20150217,
 author = {Kuphaldt, Tony R.},
 editor = {{EETech Media}, LLC.},
 title = {The Instrumentation Amplifier},
 url = {https://www.allaboutcircuits.com/textbook/semiconductors/chpt-8/the-instrumentation-amplifier/},
 urldate = {2021-01-26},
 abstract = {Read about The Instrumentation Amplifier (Operational Amplifiers) in our free Electronics Textbook}
}


@online{instrumentation.amp.lessons.electric.circuits.20200216,
 author = {Kuphaldt, Tony R.},
 title = {Lessons In Electric Circuits -- Volume III (Semiconductors) - Chapter 8},
 urldate = {2021-01-26},
 abstract = {Operational Amplifiers},
 file = {https://www.ibiblio.org/kuphaldt/electricCircuits/Semi/SEMI_8.html#xtocid172389}
}


@online{Kozel.,
 author = {Kozel, H.},
 editor = {{SILA Schweißtechnik Ges.m.b.H.}},
 title = {Grundlagen der Widerstandsschweisstechnik},
 url = {https://sila.at/wp-content/uploads/2014/07/sila_info.pdf},
 keywords = {Punktschweißen},
 urldate = {2020-11-20},
 abstract = {},
 pagetotal = {22},
 file = {Kozel - info:Z\:\\HSRM\\LaTex_Quellen\\HSRM_Quellen\\Citavi Attachments\\Kozel - info.pdf:pdf}
}


@online{Lauren.20210109.3waysMeasureSurfaceTension,
 author = {Laurén, Susanna},
 editor = {{Biolin Scientific}},
 title = {3 ways to measure surface tension},
 url = {https://www.biolinscientific.com/blog/3-ways-to-measure-surface-tension},
 keywords = {PhysPrakt3-4},
 urldate = {2021-01-09},
 abstract = {Explains three different methods to measure surface tension.}
}


@online{Lauren.20210109.whatAreSurfactants,
 author = {Laurén, Susanna},
 editor = {{Biolin Scientific}},
 title = {What are surfactants and how do they work?},
 url = {https://www.biolinscientific.com/blog/what-are-surfactants-and-how-do-they-work},
 keywords = {PhysPrakt3-4},
 urldate = {2021-01-09},
 abstract = {A term surfactant comes from the word surface active agent. At the interface, they align themselves so that the hydrophobic part is in the air and hydrophilic part is in water. This will cause the decrease in surface or interfacial tensions.}
}


@online{MillerElectricMfg.LLC.,
 author = {{Miller Electric Mfg. LLC}},
 title = {003335e 2018-08},
 url = {https://www.millerwelds.com/-/media/miller-electric/files/pdf/resources/resistance.pdf},
 keywords = {Punktschweißen},
 urldate = {2020-11-20},
 abstract = {},
 pagetotal = {16},
 file = {aradda - 003335e:Z\:\\HSRM\\LaTex_Quellen\\HSRM_Quellen\\Citavi Attachments\\aradda - 003335e.pdf:pdf},
 subtitle = {Guidelines For Resistance Spot Welding}
}


@online{NobelPrize.org.physics1920,
 author = {NobelPrize.org},
 title = {The Nobel Prize in Physics 1920},
 url = {https://www.nobelprize.org/prizes/physics/1920/summary/},
 urldate = {2020-11-27},
 abstract = {The Nobel Prize in Physics 1920 was awarded to Charles Edouard Guillaume {\textquotedbl}in recognition of the service he has rendered to precision measurements in Physics by his discovery of anomalies in nickel steel alloys{\textquotedbl}.}
}


@online{numerical.basis.solidworks.flow.simulation.2021,
 editor = {{Dassault Systèmes}},
 title = {Numerical Basis of CAD-Embedded CFD},
 url = {https://www.solidworks.com/sw/docs/Flow_Basis_of_CAD_Embedded_CFD_Whitepaper.pdf},
 urldate = {2021-03-17},
 abstract = {},
 subtitle = {White Paper}
}


@article{oscillating.drops.surface.tension.Freer.2005,
 author = {Freer, E. M. and Wong, H. and Radke, C. J.},
 year = {2005},
 title = {Oscillating drop/bubble tensiometry: effect of viscous forces on the measurement of interfacial tension},
 pages = {128--132},
 pagination = {page},
 volume = {282},
 issn = {0021-9797},
 journaltitle = {Journal of colloid and interface science},
 language = {eng},
 doi = {10.1016/j.jcis.2004.08.058},
 number = {1},
 abstract = {The oscillating drop/bubble technique is increasingly popular for measuring the interfacial dilatational properties of surfactant/polymer-laden fluid/fluid interfaces. A caveat of this technique, however, is that viscous forces are important at higher oscillation frequencies or fluid viscosities; these can affect determination of the interfacial tension. Here, we experimentally quantify the effect of viscous forces on the interfacial-tension measurement by oscillating 100 and 200 cSt poly(dimethylsiloxane) (PDMS) droplets in water at small amplitudes and frequencies ranging between 0.01 and 1 Hz. Due to viscous forces, the measured interfacial tension oscillates sinusoidally with the same frequency as the oscillation of the drop volume. The tension oscillation precedes that of the drop volume, and the amplitude varies linearly with Capillary number, Ca=DeltamuomegaDeltaV/gammaa(2), where Deltamu=mu(D)-mu is the difference between the bulk Newtonian viscosities of the drop and surrounding continuous fluid, omega is the oscillation frequency of the drop, DeltaV is the amplitude of volume oscillation, gamma is the equilibrium interfacial tension between the PDMS drop and water, and a is the radius of the capillary. A simplified model of a freely suspended spherical oscillating-drop well explains these observations. Viscous forces distort the drop shape at Ca>0.002, although this criterion is apparatus dependent.},
 note = {Journal Article},
 eprint = {15576090}
}


@online{Papst.4414F.Luefter.2021,
 editor = {{ebm-papst St. Georgen GmbH {\&} Co. KG}},
 title = {Datenblatt DC-Axiallüfter Typ 4414F},
 url = {https://img.ebmpapst.com/products/datasheets/DC-Axialventilator-4414F-GER.pdf},
 urldate = {2021-03-17},
 abstract = {},
 file = {https://www.ebmpapst.com/de/de/produkte/kompaktluefter/kompaktluefter-axial/p/4414F.html}
}


@book{Papula.MatheFormelsammlung.2017,
 author = {Papula, Lothar},
 title = {Mathematische Formelsammlung},
 publisher = {{Springer Fachmedien Wiesbaden}},
 isbn = {978-3-658-16194-1},
 location = {Wiesbaden},
 abstract = {},
 doi = {10.1007/978-3-658-16195-8},
 file = {2017_Papula_MathematischeFormelsammlung:Z\:\\HSRM\\LaTex_Quellen\\HSRM_Quellen\\Citavi Attachments\\2017_Papula_MathematischeFormelsammlung.pdf:pdf},
 year = {2017}
}


@book{Papula.MatheIngenieure.2018,
 author = {Papula, Lothar},
 title = {Mathematik für Ingenieure und Naturwissenschaftler Band 1},
 publisher = {{Springer Fachmedien Wiesbaden}},
 isbn = {978-3-658-21745-7},
 location = {Wiesbaden},
 abstract = {},
 doi = {10.1007/978-3-658-21746-4},
 file = {2018_Papula_MathematikFuerIngenieureUndNaturwissenschaftler_Band1:Z\:\\HSRM\\LaTex_Quellen\\HSRM_Quellen\\Citavi Attachments\\2018_Papula_MathematikFuerIngenieureUndNaturwissenschaftler_Band1.pdf:pdf},
 year = {2018}
}


@online{Phidgets.20190228.StrainGaugePrimer,
 editor = {{Phidgets Inc.}},
 title = {Strain Gauge Primer - Phidgets Support},
 url = {https://www.phidgets.com/docs/Strain_Gauge_Primer},
 keywords = {PhysPrakt3-4},
 urldate = {2021-01-09},
 abstract = {Strain gauges are tiny sensors that are placed on a surface to measure the amount of strain being put on the object. Learn more at Phidgets.com.}
}


@book{Physik.Gerthsen.Meschede.2015,
 author = {Meschede, Dieter},
 title = {Gerthsen Physik},
 keywords = {Physik},
 publisher = {{Springer Berlin Heidelberg}},
 isbn = {978-3-662-45976-8},
 location = {Berlin, Heidelberg},
 abstract = {},
 doi = {10.1007/978-3-662-45977-5},
 year = {2015}
}


@online{PHYWESystemeGmbHundCo.KG.,
 author = {{PHYWE Systeme GmbH und Co. KG}},
 title = {Hall-Effekt-Modul 11801-00},
 url = {http://www.phywe-es.com/index.php/fuseaction/download/lrn_file/bedanl.pdf/11801.00/d/1180100d.pdf},
 keywords = {Elektronik;Physik},
 urldate = {2020-10-24},
 abstract = {}
}


@book{Ritter.2018,
 author = {Ritter, Helmut},
 title = {Makromoleküle I},
 keywords = {Chemie},
 publisher = {{Springer Spektrum}},
 isbn = {9783662559567},
 subtitle = {Von einfachen Chemierohstoffen zu Hochleistungspolymeren},
 language = {ger},
 location = {Berlin, Heidelberg},
 series = {SpringerLink Bücher},
 abstract = {Einführung -- Grundlagen -- Charakterisierung und Eigenschaften von Makromolekülen -- Synthese von Polymeren durch Polykondensation -- Synthese von Polymeren durch Polymerisation -- Kurzes Schlusswort



Dieses praxisorientierte Lehrbuch ist für Studierende der Chemie, Physik, Biologie, Ingenieurwissenschaften sowie der Medizin von Bedeutung. Es hat das Ziel, die „Makromolekulare Chemie“, die eine fachübergreifende Wissenschaft ist, dem Leser auf anschaulichem Wege näherzubringen. Es werden Methoden der Organischen Chemie, der Physikalischen Chemie und der Physik sowie mathematische Ansätze verständlich beschrieben und erläutert. Erstmalig bilden Tafelbilder, die mittels Kreide und Schwamm in Vorlesungen entstanden sind, das Gerüst eines Lehrbuches für Polymerchemie. Fachliche Erläuterungen im Fließtext und persönliche Geschichten, die zur Veranschaulichung beitragen, kommentieren das jeweilige Tafelbild. Anhand vieler Beispiele wird der Weg vom Erdöl bzw. der Kohle zum Kunststoff aufgezeigt. Auch dieser Aspekt unterscheidet das neue Lehrbuch von anderen auf dem Markt befindlichen Werken. Der Autor Prof. Dr. Dr. h. c. Helmut Ritter ist aktuell Mitherausgeber von zwei Chemie-Zeitschriften und in der Industrie im Bereich von Kunststoff-Entwicklungen beratend tätig. Er hat als Professor an den Universitäten Düsseldorf (2001-2014), Mainz (1998-2001) und Wuppertal (1982-1998) langjährige Erfahrung auf dem Gebiet der Polymerchemie durch Forschung und Lehre erworben. Nach seiner Promotion in Mainz im Jahr 1975 ist er von 1976-1998 in der Industrie bei der Bayer AG in Krefeld-Uerdingen im Bereich Forschung und Entwicklung von neuen Polymeren für Pigmentbeschichtung, Membrantechnik und Diagnostik tätig gewesen. Er hat sich 1989 an der Bergischen Universität Wuppertal für das Fach Organische Polymerchemie habilitiert und ist Coautor von über 350 Veröffentlichungen und als Miterfinder beteiligt an zahlreichen Patentschriften},
 pagetotal = {226},
 doi = {10.1007/978-3-662-55956-7},
 note = {Ritter, Helmut (VerfasserIn)},
 year = {2018}
}


@book{Roos.2017,
 author = {Roos, Eberhard and Maile, Karl and Seidenfuß, Michael},
 title = {Werkstoffkunde für Ingenieure},
 keywords = {Werkstoffe},
 edition = {6., ergänzte und bearbeitete Auflage},
 publisher = {{Springer Vieweg}},
 isbn = {978-3-662-49531-5},
 subtitle = {Grundlagen, Anwendung, Prüfung},
 language = {ger},
 location = {Berlin},
 series = {Lehrbuch},
 abstract = {Überblick -- Atomarer Aufbau kristalliner Stoffe -- Legierungsbildung -- Thermisch aktivierte Vorgänge -- Mechanische Eigenschaften -- Eisenwerkstoffe -- Nichteisenmetalle -- Kunststoffe -- Keramische Werkstoffe -- Verbundwerkstoffe -- Physikalische Eigenschaften -- Korrosion -- Recycling -- Tribologische Beanspruchung -- Kriterien zur Werkstoffauswahl -- Kriterien zur Schadensbewertung -- Antworten zu den Verständnisfragen -- Weiterführende Literatur



Nach einer Einführung in die Grundlagen der Werkstoffwissenschaft werden in diesem gut eingeführten Lehrbuch die Anwendungsaspekte der Werkstoffe behandelt. Insbesondere die mechanischen Eigenschaften und das Verhalten von Werkstoffgruppen unter unterschiedlichen Umgebungs- und Belastungsbedingungen werden erläutert. Ein besonderer Schwerpunkt liegt auf der Darstellung der technischen Gebrauchseigenschaften der Werkstoffe. So werden für ausgewählte Werkstoffe die Materialkonstanten und Festigkeitskennwerte angegeben. Behandelt werden Stähle und Stahllegierungen für besondere Anwendungen, Leichtmetalle, Nichteisenmetalle, Kunststoffe, Keramiken und Verbundwerkstoffe. Weitere Aspekte des Buches sind die Darstellungen der Möglichkeiten der zerstörenden und zerstörungsfreien Werkstoffprüfung. Eingegangen wird auf die spezifischen Schädigungsmechanismen der unterschiedlichen Werkstoffgruppen und deren Gesetzmäßigkeiten. Dabei bilden Korrosion und Verschleiß einen besonderen Schwerpunkt. Verständnisfragen zu jedem Kapitel runden das Buch ab. Die Zielgruppen In erster Linie Studierende des Maschinenbaus, der Fahrzeug- und Motorentechnik sowie artverwandter Ingenieurstudiengänge. Weiterhin Studierende aus den Natur-und Wirtschaftswissenschaften. Das Buch ist auch bestens geeignet als berufsbegleitendes Nachschlagewerk. Die Autoren Prof. Dr.-Ing. habil. Eberhard Roos wurde, nach verschiedenen Stationen in der Industrie, 1995 zum Direktor der Materialprüfungsanstalt (MPA) der Universität Stuttgart berufen. Die Schwerpunkte in der Lehre waren Materialprüfung, Werkstoffkunde und Festigkeitslehre. Ein Forschungsschwerpunkt war die Methodenentwicklung zur Integritätsbewertung von Bauteilen. Apl. Prof. Dr. -Ing. habil. Karl Maile war stellvertretender Direktor der Materialprüfungsanstalt Universität Stuttgart (MPA). Die Schwerpunkte seiner Arbeiten in Forschung und Lehre lagen in der Werkstofftechnik, Bauteilqualifizierung und -bewertung sowie in der Qualitätssicherung. PD Dr.-Ing. Michael Seidenfuß ist seit 2015 stellvertretender Institutsleiter am Institut für Materialprüfung, Werkstoffkunde und Festigkeitslehre der Universität Stuttgart. Die Schwerpunkte in Forschung und Lehre liegen auf den Gebieten der Werkstoffkunde und Werkstoffmechanik},
 pagetotal = {443},
 doi = {10.1007/978-3-662-49532-2},
 note = {Roos, Eberhard (VerfasserIn)
Maile, Karl (VerfasserIn)
Seidenfuß, Michael (VerfasserIn)},
 year = {2017}
}


@online{sodium.dodecyl.sulfate.cas.entry.2021,
 author = {{National Institute of Standards and Technology}},
 editor = {{U.S. Secretary of Commerce on behalf of the United States of America}},
 title = {Sodium dodecyl sulphate},
 url = {https://webbook.nist.gov/},
 urldate = {2021-03-19},
 abstract = {Sodium dodecyl sulfate (SDS) or sodium lauryl sulfate (SLS), sometimes written sodium laurilsulfate, is a synthetic organic compound with the formula CH3(CH2)11SO4Na. It is an anionic surfactant used in many cleaning and hygiene products. This molecule is an organosulfate and a salt. It consists of a 12-carbon tail attached to a sulfate group, that is, it is the sodium salt of dodecyl hydrogen sulfate, the ester of dodecyl alcohol and sulfuric acid. Its hydrocarbon tail combined with a polar {\textquotedbl}headgroup{\textquotedbl} give the compound amphiphilic properties and so make it useful as a detergent.  Also derived as a component of mixtures produced from inexpensive coconut and palm oils, SDS is a common component of many domestic cleaning, personal hygiene and cosmetic, pharmaceutical, and food products, as well as of industrial and commercial cleaning and product formulations.},
 file = {Wikipedia (Hg.) 2021 - Sodium dodecyl sulfate:Z\:\\HSRM\\LaTex_Quellen\\HSRM_Quellen\\Citavi Attachments\\Wikipedia (Hg.) 2021 - Sodium dodecyl sulfate.pdf:pdf},
 language = {en}
}


@incollection{Surek.2017.Technische.Stroemungsmechanik,
 author = {Surek, Dominik and Stempin, Silke},
 title = {Grundlagen der Strömung in Turbomaschinen},
 pages = {493--547},
 bookpagination = {page},
 publisher = {{Springer Fachmedien Wiesbaden}},
 isbn = {978-3-658-18756-9},
 editor = {Surek, Dominik and Stempin, Silke},
 booktitle = {Technische Strömungsmechanik},
 year = {2017},
 abstract = {},
 doi = {10.1007/978-3-658-18757-6_12},
 location = {Wiesbaden}
}


@collection{Surek.2017b,
 year = {2017},
 title = {Technische Strömungsmechanik},
 publisher = {{Springer Fachmedien Wiesbaden}},
 isbn = {978-3-658-18756-9},
 editor = {Surek, Dominik and Stempin, Silke},
 abstract = {},
 doi = {10.1007/978-3-658-18757-6},
 location = {Wiesbaden}
}


@article{surface.tension.of.pure.water.Pallas.Harrison.1990,
 author = {Pallas, N. R. and Harrison, Y.},
 year = {1990},
 title = {An automated drop shape apparatus and the surface tension of pure water},
 pages = {169--194},
 pagination = {page},
 volume = {43},
 issn = {01666622},
 journaltitle = {Colloids and Surfaces},
 doi = {10.1016/0166-6622(90)80287-E},
 number = {2},
 abstract = {},
 note = {PII:  016666229080287E}
}


@online{Swantec.20200225,
 author = {Swantec},
 title = {Widerstandsschweißen},
 url = {https://www.swantec.com/de/technologie/widerstandsschweissen/#Elektrodenabbaus},
 keywords = {Punktschweißen},
 urldate = {2020-11-20},
 abstract = {Develops and supplies welding software, SORPAS, for simulation and optimization of resistance welding, spot welding and mechanical joining processes.},
 note = {Copyright: Copyright (c)1999-2020 SWANTEC Software and Engineering ApS. All Rights Reserved.}
}


@article{synth.of.ACD.as.surfactant.Kumar.2015,
 author = {Kumar, Naveen and Tyagi, Rashmi},
 year = {2015},
 title = {Synthesis of anionic carboxylate dimeric surfactants and their interactions with electrolytes},
 pages = {69--74},
 pagination = {page},
 volume = {9},
 journaltitle = {Journal of Taibah University for Science},
 doi = {10.1016/j.jtusci.2014.06.005},
 number = {1},
 abstract = {}
}


@online{TDR_tutorial.GraniteIslandGroup.20170531,
 editor = {{Granite Island Group}},
 title = {TDR Tutorial - Waveform Analysis},
 url = {http://www.tscm.com/riwavef.html},
 urldate = {2020-12-29},
 abstract = {}
}


@book{Theoretische.Festkörperphysik.Band.1.Czycholl.2016,
 author = {Czycholl, Gerd},
 title = {Theoretische Festkörperphysik Band 1},
 keywords = {Festkörper;Physik},
 publisher = {{Springer Berlin Heidelberg}},
 isbn = {978-3-662-47140-1},
 location = {Berlin, Heidelberg},
 abstract = {},
 doi = {10.1007/978-3-662-47141-8},
 year = {2016}
}


@book{Theoretische.Festkörperphysik.Band.2.Czycholl.2017,
 author = {Czycholl, Gerd},
 title = {Theoretische Festkörperphysik Band 2},
 keywords = {Festkörper;Physik},
 publisher = {{Springer Berlin Heidelberg}},
 isbn = {978-3-662-53700-8},
 location = {Berlin, Heidelberg},
 abstract = {},
 doi = {10.1007/978-3-662-53701-5},
 year = {2017}
}


@misc{Unbekannt.,
 author = {Unbekannt},
 title = {Elektrische und magnetische Bauelemente der Physikalischen Technik},
 keywords = {Elektronik},
 abstract = {},
 organization = {{Hochschule RheinMain}},
 subtitle = {Skript zur Vorlesung {\textquotedbl}Elektrische und magnetische Bauelemente{\textquotedbl}, Sommersemester 2020}
}


@book{Weissbach.2018.WerkstoffkundeUndIhreAnwendungen,
 author = {Weißbach, Wolfgang and Dahms, Michael and Jaroschek, Christoph},
 title = {Werkstoffe und ihre Anwendungen},
 keywords = {Werkstoffe},
 edition = {20., überarbeitete Auflage},
 publisher = {{Springer Vieweg}},
 isbn = {978-3-658-19891-6},
 subtitle = {Metalle, Kunststoffe und mehr},
 language = {ger},
 location = {Wiesbaden},
 series = {SpringerLink Bücher},
 abstract = {Metallische Werkstoffe -- Die Legierung Eisen-Kohlenstoff -- Stahlsorten, Normen und Verwendungsgruppen -- Stoffeigenschaft ändern -- Eisen-Gusswerkstoffe -- Nichteisenmetalle -- Anorganisch-nichtmetallische Stoffe -- Kunststoffe -- Verbundstrukturen und Verbundwerkstoffe - Werkstoffe besonderer Herstellung und spezieller Eigenschaften -- Korrosionsbeanspruchung -- Tribologische Beanspruchung -- Werkstoffprüfung -- Systematische Bezeichnung der Werkstoffe



Das Standardwerk der Werkstoffkunde ist mit seiner anwendungsnahen Darstellung passgenau für den Einsatz an Fachschulen und Hochschulen. Die Aktualisierung von Normen kennzeichnet jede neue Auflage. In der 20. Auflage wurde das Kapitel zur Materialauswahl neu gefasst sowie das Sachwortverzeichnis ergänzt. Inhalt - Metallische Werkstoffe - Die Legierung Eisen-Kohlenstoff - Stahlsorten, Normen und Verwendungsgruppen - Stoffeigenschaft ändern - Eisen-Gusswerkstoffe - Nichteisenmetalle - Anorganisch-nichtmetallische Stoffe - Kunststoffe - Verbundstrukturen und Verbundwerkstoffe - Werkstoffe besonderer Herstellung und spezieller Eigenschaften - Korrosionsbeanspruchung - Beanspruchung - Werkstoffprüfung - Systematische Bezeichnung der Werkstoffe Zielgruppe - Studierende der Maschinenbautechnik an Fachschulen - Studierende des Maschinenbaus an Hochschulen Über die Autoren Wolfgang Weißbach, lngenieur und langjähriger Fachschullehrer, ist heute auf die Weitergabe von Wissen und Erfahrung in Fachbüchern spezialisiert. Prof. Dr.-Ing. Michael Dahms lehrt Werkstofftechnik an der Hochschule Flensburg. Prof. Dr. Christoph Jaroschek vertritt die Lehrgebiete Kunststoffverarbeitung, Werkstoffkunde sowie Kunststoffwerkzeuge und Maschinen an der Fachhochschule Bielefeld},
 pagetotal = {601},
 doi = {10.1007/978-3-658-19892-3},
 note = {Weißbach, Wolfgang (VerfasserIn)
Dahms, Michael (VerfasserIn)
Jaroschek, Christoph (VerfasserIn)},
 year = {2018}
}


@online{Wikipedia.2020.BologneserTraene,
 editor = {Wikipedia},
 title = {Bologneser Träne},
 url = {https://de.wikipedia.org/w/index.php?title=Bologneser_Träne&oldid=195528312},
 urldate = {2020-12-06},
 abstract = {Bologneser Tränen (auch Bologneser Glastränen oder Batavische Tropfen oder Prince Rupert’s Drop auf Englisch) sind kleine Glastropfen, mit einem Kopf der sich zu einem Schwanz verjüngt. Sie stehen durch die Art ihrer Herstellung derart unter Eigenspannung, dass der Kopf der Träne eine hohe mechanische Belastbarkeit aufweist und Hammerschläge aushält, der komplette Tropfen aber beim Abbrechen seines Schwanzes zu Glasstaub zerspringt.},
 file = {Wikipedia (Hg.) 2020 - Bologneser Träne:Z\:\\HSRM\\LaTex_Quellen\\HSRM_Quellen\\Citavi Attachments\\Wikipedia (Hg.) 2020 - Bologneser Träne.pdf:pdf},
 note = {Creative Commons Attribution-ShareAlike License
Page Version ID: 195528312},
 language = {de}
}


@online{Wikipedia.2020.Du.Nouey.RingMethod,
 editor = {Wikipedia},
 title = {Du Noüy ring method},
 url = {https://en.wikipedia.org/w/index.php?title=Du_Noüy_ring_method&oldid=981422449},
 keywords = {PhysPrakt3-4},
 urldate = {2021-01-09},
 abstract = {The du Noüy ring method is a technique for measuring the surface tension of a liquid. The method involves slowly lifting a ring, often made of platinum, from the surface of a liquid.  The force, 







F





{\displaystyle F}

, required to raise the ring from the liquid's surface is measured and related to the liquid's surface tension,







γ





{\displaystyle \gamma }

:







F

=



w



(

r

i

n

g

)





+

2

π

⋅

(



r



i





+



r



a





)

⋅

γ





{\displaystyle F=w{\_}{(ring)}+2\pi \cdot (r{\_}{i}+r{\_}{a})\cdot \gamma }



where









r



i









{\displaystyle r{\_}{i}}

is the radius of the inner ring of the liquid film pulled and









r



a









{\displaystyle r{\_}{a}}

is the radius of the outer ring of the liquid film.









w



(

r

i

n

g

)









{\displaystyle w{\_}{(ring)}}

is the weight of the ring minus the buoyant force due to the part of the ring below the liquid surface.When the ring's thickness is much smaller than its diameter, this equation can be simplified to:







F

=



w



(

r

i

n

g

)





+

4

π

R

γ





{\displaystyle F=w{\_}{(ring)}+4\pi R\gamma }



where R is the average of the inner and outer radius of the ring.This technique was proposed by the French physicist Pierre Lecomte du Noüy (1883–1947) in a paper published in 1925.

The measurement is performed with a force tensiometer, which typically uses an electrobalance to measure the excess force caused by the liquid being pulled up and automatically calculates and displays the surface tension corresponding to the force. Earlier, torsion wire balances were commonly used. The maximum force is used for the calculations, and empirically determined correction factors are required to remove the effect caused by the finite diameter of the ring:







F

=



w



(

r

i

n

g

)





+

4

π

R

γ

f





{\displaystyle F=w{\_}{(ring)}+4\pi R\gamma f}



with f being the correction factor.

The most common correction factors include those by Zuidema and Waters (for liquids with low interfacial tension), Huh and Mason (which covers a wider range than Zuidema-Waters), and Harkins and Jordan (more precise than Huh-Mason while still covering the most widely used liquids).},
 file = {Wikipedia (Hg.) 2020 - Du Noüy ring method:Z\:\\HSRM\\LaTex_Quellen\\HSRM_Quellen\\Citavi Attachments\\Wikipedia (Hg.) 2020 - Du Noüy ring method.pdf:pdf},
 note = {Creative Commons Attribution-ShareAlike License
Page Version ID: 981422449},
 language = {en}
}


@online{Wikipedia.2020.InstrumentationAmplifier,
 editor = {Wikipedia},
 title = {Instrumentation amplifier},
 url = {https://en.wikipedia.org/w/index.php?title=Instrumentation_amplifier&oldid=942222689},
 keywords = {PhysPrakt3-4},
 urldate = {2021-01-09},
 abstract = {An instrumentation (or instrumentational) amplifier (sometimes shorthanded as In-Amp or InAmp) is a type of differential amplifier that has been outfitted with input buffer amplifiers, which eliminate the need for input impedance matching and thus make the amplifier particularly suitable for use in measurement and test equipment. Additional characteristics include very low DC offset, low drift, low noise, very high open-loop gain, very high common-mode rejection ratio, and very high input impedances. Instrumentation amplifiers are used where great accuracy and stability of the circuit both short and long-term are required.

Although the instrumentation amplifier is usually shown schematically identical to a standard operational amplifier (op-amp), the electronic instrumentation amp is almost always internally composed of 3 op-amps. These are arranged so that there is one op-amp to buffer each input (+,−), and one to produce the desired output with adequate impedance matching for the function.The most commonly used instrumentation amplifier circuit is shown in the figure.  The gain of the circuit is











A



v







=







V





o

u

t











V



2





−



V



1











=



(



1

+







2



R



1









R





g

a

i

n













)









R



3







R



2













{\displaystyle {A{\_}{v}}={\frac {V{\_}{\mathrm {out} }}{V{\_}{2}-V{\_}{1}}}=\left(1+{2R{\_}{1} \over R{\_}{\mathrm {gain} }}\right){R{\_}{3} \over R{\_}{2}}}

The rightmost amplifier, along with the resistors labelled









R



2









{\displaystyle R{\_}{\text{2}}}

and









R



3









{\displaystyle R{\_}{\text{3}}}

is just the standard differential amplifier circuit, with gain =









R



3







/





R



2









{\displaystyle R{\_}{\text{3}}/R{\_}{\text{2}}}

and differential input resistance = 2·









R



2









{\displaystyle R{\_}{\text{2}}}

. The two amplifiers on the left are the buffers. With









R



gain









{\displaystyle R{\_}{\text{gain}}}

removed (open circuited), they are simple unity gain buffers; the circuit will work in that state, with gain simply equal to









R



3







/





R



2









{\displaystyle R{\_}{\text{3}}/R{\_}{\text{2}}}

and high input impedance because of the buffers. The buffer gain could be increased by putting resistors between the buffer inverting inputs and ground to shunt away some of the negative feedback; however, the single resistor









R



gain









{\displaystyle R{\_}{\text{gain}}}

between the two inverting inputs is a much more elegant method: it increases the differential-mode gain of the buffer pair while leaving the common-mode gain equal to 1. This increases the common-mode rejection ratio (CMRR) of the circuit and also enables the buffers to handle much larger common-mode signals without clipping than would be the case if they were separate and had the same gain.

Another benefit of the method is that it boosts the gain using a single resistor rather than a pair, thus avoiding a resistor-matching problem, and very conveniently allowing the gain of the circuit to be changed by changing the value of a single resistor. A set of switch-selectable resistors or even a potentiometer can be used for









R



gain









{\displaystyle R{\_}{\text{gain}}}

, providing easy changes to the gain of the circuit, without the complexity of having to switch matched pairs of resistors.

The ideal common-mode gain of an instrumentation amplifier is zero.  In the circuit shown, common-mode gain is caused by mismatch in the resistor ratios









R



2







/





R



3









{\displaystyle R{\_}{\text{2}}/R{\_}{\text{3}}}

and by the mis-match in common mode gains of the two input op-amps.  Obtaining very closely matched resistors is a significant difficulty in fabricating these circuits, as is optimizing the common mode performance.An instrumentation amp can also be built with two op-amps to save on cost, but the gain must be higher than two (+6 dB).Instrumentation amplifiers can be built with individual op-amps and precision resistors, but are also available in integrated circuit form from several manufacturers (including Texas Instruments, Analog Devices, Linear Technology and Maxim Integrated Products).  An IC instrumentation amplifier typically contains closely matched laser-trimmed resistors, and therefore offers excellent common-mode rejection. Examples include INA128, AD8221, LT1167 and MAX4194.

Instrumentation Amplifiers can also be designed using {\textquotedbl}Indirect Current-feedback Architecture{\textquotedbl}, which extend the operating range of these amplifiers to the negative power supply rail, and in some cases the positive power supply rail. This can be particularly useful in single-supply systems, where the negative power rail is simply the circuit ground (GND). Examples of parts utilizing this architecture are MAX4208/MAX4209 and AD8129/AD8130.},
 file = {Wikipedia (Hg.) 2020 - Instrumentation amplifier:Z\:\\HSRM\\LaTex_Quellen\\HSRM_Quellen\\Citavi Attachments\\Wikipedia (Hg.) 2020 - Instrumentation amplifier.pdf:pdf},
 note = {Creative Commons Attribution-ShareAlike License
Page Version ID: 942222689},
 language = {en}
}


@online{Wikipedia.2020.Keramik,
 editor = {Wikipedia},
 title = {Keramik},
 url = {https://de.wikipedia.org/w/index.php?title=Keramik&oldid=205746985},
 urldate = {2020-12-06},
 abstract = {Der Begriff Keramik, auch keramische Massen, bezeichnet in der Fachsprache eine Vielzahl anorganischer nichtmetallischer Werkstoffe, die grob in die Typen Irdengut, Steingut, Steinzeug, Porzellan und Sondermassen unterteilt werden können (siehe auch Klassifikation keramischer Massen). Allgemeinsprachlich dient Keramik auch als Oberbegriff für die geformten und gebrannten Produkte, die als Gebrauchs- und Ziergegenstände, Bauteile oder Werkzeuge verwendet werden. Außerdem können die Herstellungstechnik, das Handwerk (bzw. Kunsthandwerk) und die keramische Produktion damit gemeint sein.Man unterscheidet unter anderem Tonkeramik und Glaskeramik. In der Gegenwart spielt die technische Keramik eine bedeutende Rolle, zu der auch die Verbundkeramik zählt. In kulturhistorischen und archäologischen Studien wird vor allem nach der Verwendung im Alltag unterschieden: Gefäßkeramik (Tischgeschirr, Trinkgeschirr, Kochgeschirr, Sonderformen), Baukeramik (Dachziegel, Backsteine, Bodenfliesen und Wandfliesen), Ofenkeramik (Ofenkacheln, Kachelofenfüße, Abdeckplatten) und Sanitärkeramik (Waschbecken, WC-Schüsseln, Badewannen).

Das Wort Keramik stammt aus dem Altgriechischen: κέραμος keramos war die Bezeichnung für Tonminerale und die aus ihm durch Brennen hergestellten formbeständigen Erzeugnisse, wie sie etwa im antiken Athener Bezirk Kerameikos produziert wurden. Das Töpferhandwerk wurde als κεραμικὴ (τέχνη) keramikḗ (téchnē) bezeichnet; später ging die Bezeichnung auch auf die Produkte über.},
 file = {Wikipedia (Hg.) 2020 - Keramik:Z\:\\HSRM\\LaTex_Quellen\\HSRM_Quellen\\Citavi Attachments\\Wikipedia (Hg.) 2020 - Keramik.pdf:pdf},
 note = {Creative Commons Attribution-ShareAlike License
Page Version ID: 205746985},
 language = {de}
}


@online{Wikipedia.2020.Straingauge,
 editor = {Wikipedia},
 title = {Strain gauge},
 url = {https://en.wikipedia.org/w/index.php?title=Strain_gauge&oldid=997202866},
 keywords = {PhysPrakt3-4},
 urldate = {2021-01-09},
 abstract = {A strain gauge (also spelled strain gage) is a device used to measure strain on an object. Invented by Edward E. Simmons and Arthur C. Ruge in 1938, the most common type of strain gauge consists of an insulating flexible backing which supports a metallic foil pattern.  The gauge is attached to the object by a suitable adhesive, such as cyanoacrylate.  As the object is deformed, the foil is deformed, causing its electrical resistance to change.  This resistance change, usually measured using a Wheatstone bridge, is related to the strain by the quantity known as the gauge factor.},
 file = {Wikipedia (Hg.) 2020 - Strain gauge:Z\:\\HSRM\\LaTex_Quellen\\HSRM_Quellen\\Citavi Attachments\\Wikipedia (Hg.) 2020 - Strain gauge.pdf:pdf},
 note = {Creative Commons Attribution-ShareAlike License
Page Version ID: 997202866},
 language = {en}
}


@online{Wikipedia.2021,
 editor = {Wikipedia},
 title = {Viskosität},
 url = {https://de.wikipedia.org/w/index.php?title=Viskosität&oldid=209171254},
 urldate = {2021-03-15},
 abstract = {Die Viskosität bezeichnet die Zähflüssigkeit oder Zähigkeit von Flüssigkeiten und Gasen (Fluiden). Je höher die Viskosität ist, desto dickflüssiger (weniger fließfähig) ist das Fluid; je niedriger die Viskosität, desto dünnflüssiger (fließfähiger) ist es.

Ohne weitere Angaben ist der Widerstand des Fluids gegenüber Scherung gemeint. Sie wird daher als Scherviskosität bezeichnet, zur Abgrenzung gegenüber der Dehnviskosität bei Dehnung sowie der Volumenviskosität bei gleichmäßigem Druck. Des Weiteren wird zwischen der dynamischen Viskosität und der kinematischen Viskosität unterschieden. Die dynamische Viskosität ist das Verhältnis von Schubspannung und Geschwindigkeitsgradient. Der Kehrwert der dynamischen Viskosität ist die Fluidität. Die dynamische Viskosität







η





{\displaystyle \eta }

und die kinematische Viskosität







ν





{\displaystyle \nu }

stehen über die Dichte







ρ





{\displaystyle \rho }

in direktem Zusammenhang,







η

=

ν

⋅

ρ





{\displaystyle \eta =\nu \cdot \rho }

.

Teilchen zäher Flüssigkeiten sind stärker aneinander gebunden und somit weniger beweglich; man spricht von der inneren Reibung. Sie resultiert nicht nur aus den Anziehungskräften zwischen den Teilchen des Fluids (Kohäsion). Bei dünnflüssigeren Fluiden resultiert die Viskosität aus einem Impulsfluss im Fluid. Die Viskosität von Feststoffen ist vergleichsweise hoch und damit schwer bestimmbar. Statt Viskosität werden Begriffe wie Verlustfaktor, Speicher- und Verlustmodul verwendet.

Das Wort Viskosität geht auf den typisch zähflüssigen Saft der Beeren in der Pflanzengattung Misteln (Viscum) zurück. Aus solchen Misteln wurde Vogelleim gewonnen. „Viskos“ bedeutet „zäh wie Vogelleim“.

Die Viskosität taucht in der Berechnung des viskosen Spannungstensors auf.},
 file = {Wikipedia (Hg.) 2021 - Viskosität:Z\:\\HSRM\\LaTex_Quellen\\HSRM_Quellen\\Citavi Attachments\\Wikipedia (Hg.) 2021 - Viskosität.pdf:pdf},
 note = {Creative Commons Attribution-ShareAlike License
Page Version ID: 209171254},
 language = {de}
}


@online{Wikipedia.2021.SurfaceTension,
 editor = {Wikipedia},
 title = {Surface tension},
 url = {https://en.wikipedia.org/w/index.php?title=Surface_tension&oldid=999043034},
 keywords = {PhysPrakt3-4},
 urldate = {2021-01-09},
 abstract = {Surface tension is the tendency of liquid surfaces to shrink into the minimum surface area possible. Surface tension allows insects (e.g. water striders), to float and slide on a water surface without becoming even partly submerged.

At liquid–air interfaces, surface tension results from the greater attraction of liquid molecules to each other (due to cohesion) than to the molecules in the air (due to adhesion).

There are two primary mechanisms in play. One is an inward force on the surface molecules causing the liquid to contract. Second is a tangential force parallel to the surface of the liquid. The net effect is the liquid behaves as if its surface were covered with a stretched elastic membrane.

Because of the relatively high attraction of water molecules to each other through a web of hydrogen bonds, water has a higher surface tension (72.8 millinewtons (mN) per meter at 20 °C) than most other liquids. Surface tension is an important factor in the phenomenon of capillarity.

Surface tension has the dimension of force per unit length, or of energy per unit area. The two are equivalent, but when referring to energy per unit of area, it is common to use the term surface energy, which is a more general term in the sense that it applies also to solids.

In materials science, surface tension is used for either surface stress or surface energy.},
 file = {Wikipedia (Hg.) 2021 - Surface tension:Z\:\\HSRM\\LaTex_Quellen\\HSRM_Quellen\\Citavi Attachments\\Wikipedia (Hg.) 2021 - Surface tension.pdf:pdf},
 note = {Creative Commons Attribution-ShareAlike License
Page Version ID: 999043034},
 language = {en}
}


@online{Wikipedia.en.PianoWire.20201218,
 editor = {Wikipedia},
 title = {Piano wire},
 url = {https://en.wikipedia.org/w/index.php?title=Piano_wire&oldid=961263978},
 urldate = {2020-12-15},
 abstract = {Piano wire, or {\textquotedbl}music wire{\textquotedbl}, is a specialized type of wire made for use in piano strings but also in other applications as springs. It is made from tempered high-carbon steel, also known as spring steel, which replaced iron as the material starting in 1834.

Piano wire has a very high tensile strength to cope with the heavy demands placed upon piano strings; accordingly, piano wire is also used for a number of other purposes, including springs, surgical uses, and in special effects.},
 file = {Wikipedia (Hg.) 2020 - Piano wire:Z\:\\HSRM\\LaTex_Quellen\\HSRM_Quellen\\Citavi Attachments\\Wikipedia (Hg.) 2020 - Piano wire.pdf:pdf},
 note = {Creative Commons Attribution-ShareAlike License
Page Version ID: 961263978},
 language = {en}
}


@online{Wikipedia.ExponentialDecay,
 editor = {Wikipedia},
 title = {Exponential decay},
 url = {https://en.wikipedia.org/w/index.php?title=Exponential_decay&oldid=986183425},
 keywords = {Halbwertszeit;Kernphysik;Physik;Zerfall},
 urldate = {2020-11-30},
 abstract = {A quantity is subject to exponential decay if it decreases at a rate proportional to its current value.  Symbolically, this process can be expressed by the following differential equation, where N is the quantity and λ (lambda) is a positive rate called the exponential decay constant:













d

N





d

t







=

−

λ

N

.





{\displaystyle {\frac {dN}{dt}}=-\lambda N.}

The solution to this equation (see derivation below) is:







N

(

t

)

=



N



0







e



−

λ

t





,





{\displaystyle N(t)=N{\_}{0}e{\^{}}{-\lambda t},}

where N(t) is the quantity at time t, N0 = N(0) is the initial quantity, that is, the quantity at time t = 0, and the constant λ is called the decay constant, disintegration constant, rate constant, or transformation constant.},
 file = {Wikipedia (Hg.) 2020 - Exponential decay:Z\:\\HSRM\\LaTex_Quellen\\HSRM_Quellen\\Citavi Attachments\\Wikipedia (Hg.) 2020 - Exponential decay.pdf:pdf},
 note = {Creative Commons Attribution-ShareAlike License
Page Version ID: 986183425},
 language = {en}
}


@online{Wikipedia.Half-Life,
 editor = {Wikipedia},
 title = {Half-life},
 url = {https://en.wikipedia.org/w/index.php?title=Half-life&oldid=990935819},
 keywords = {Halbwertszeit;Kernphysik;Physik;PhysPraktikum;Zerfall},
 urldate = {2020-11-30},
 abstract = {Half-life (symbol t1⁄2) is the time required for a quantity to reduce to half of its initial value. The term is commonly used in nuclear physics to describe how quickly unstable atoms undergo, or how long stable atoms survive, radioactive decay. The term is also used more generally to characterize any type of exponential or non-exponential decay. For example, the medical sciences refer to the biological half-life of drugs and other chemicals in the human body. The converse of half-life is doubling time.

The original term, half-life period, dating to Ernest Rutherford's discovery of the principle in 1907, was shortened to half-life in the early 1950s. Rutherford applied the principle of a radioactive element's half-life to studies of age determination of rocks by measuring the decay period of radium to lead-206.

Half-life is constant over the lifetime of an exponentially decaying quantity, and it is a characteristic unit for the exponential decay equation. The accompanying table shows the reduction of a quantity as a function of the number of half-lives elapsed.},
 file = {Wikipedia (Hg.) 2020 - Half-life:Z\:\\HSRM\\LaTex_Quellen\\HSRM_Quellen\\Citavi Attachments\\Wikipedia (Hg.) 2020 - Half-life.pdf:pdf},
 note = {Creative Commons Attribution-ShareAlike License
Page Version ID: 990935819},
 language = {en}
}


@article{Xu.2019.CeramicAerogelSuperinsulation,
 author = {Xu, Xiang and Zhang, Qiangqiang and Hao, Menglong and Hu, Yuan and Lin, Zhaoyang and Peng, Lele and Wang, Tao and Ren, Xuexin and Wang, Chen and Zhao, Zipeng and Wan, Chengzhang and Fei, Huilong and Wang, Lei and Zhu, Jian and Sun, Hongtao and Chen, Wenli and Du, Tao and Deng, Biwei and Cheng, Gary J. and Shakir, Imran and Dames, Chris and Fisher, Timothy S. and Zhang, Xiang and Li, Hui and Huang, Yu and Duan, Xiangfeng},
 year = {2019},
 title = {Double-negative-index ceramic aerogels for thermal superinsulation},
 url = {https://science.sciencemag.org/content/363/6428/723},
 pages = {723--727},
 pagination = {page},
 volume = {363},
 issn = {1095-9203},
 journaltitle = {Science},
 language = {eng},
 doi = {10.1126/science.aav7304},
 number = {6428},
 abstract = {Ceramic aerogels are attractive for thermal insulation but plagued by poor mechanical stability and degradation under thermal shock. In this study, we designed and synthesized hyperbolic architectured ceramic aerogels with nanolayered double-pane walls with a negative Poisson's ratio (-0.25) and a negative linear thermal expansion coefficient (-1.8 × 10-6 per °C). Our aerogels display robust mechanical and thermal stability and feature ultralow densities down to {\~{}}0.1 milligram per cubic centimeter, superelasticity up to 95{\%}, and near-zero strength loss after sharp thermal shocks (275°C per second) or intense thermal stress at 1400°C, as well as ultralow thermal conductivity in vacuum [{\~{}}2.4 milliwatts per meter-kelvin (mW/m·K)] and in air ({\~{}}20 mW/m·K). This robust material system is ideal for thermal superinsulation under extreme conditions, such as those encountered by spacecraft.},
 file = {Xu, Zhang et al. 2019 - Double-negative-index ceramic aerogels for thermal:Z\:\\HSRM\\LaTex_Quellen\\HSRM_Quellen\\Citavi Attachments\\Xu, Zhang et al. 2019 - Double-negative-index ceramic aerogels for thermal.pdf:pdf},
 note = {Journal Article
Research Support, Non-U.S. Gov't
Research Support, U.S. Gov't, Non-P.H.S.},
 eprint = {30765563}
}


